<?xml version="1.0" encoding="utf-8"?><OAI-PMH xmlns="http://www.openarchives.org/OAI/2.0/" xmlns:xsi="http://www.w3.org/2001/XMLSchema-instance" xsi:schemaLocation="http://www.openarchives.org/OAI/2.0/ http://www.openarchives.org/OAI/2.0/OAI-PMH.xsd">
<ListRecords>
<record>
   <header>
      <identifier>DEG-publish:235533</identifier>
   </header>
   <metadata>
      <record xmlns="http://www.loc.gov/MARC21/slim">
         <leader>02608nam  2200421 a 4500</leader>
         <controlfield tag="LDR">02608nam  2200421 a 4500</controlfield>
         <controlfield tag="SYS">235533</controlfield>
         <datafield tag="001" ind1="" ind2="">
           <subfield code="_">235533</subfield>
         </datafield>
         <datafield tag="003" ind1="" ind2="">
           <subfield code="_">DE-14</subfield>
         </datafield>
         <datafield tag="005" ind1="" ind2="">
           <subfield code="_">20150423085051</subfield>
         </datafield>
         <datafield tag="024" ind1="3" ind2="">
           <subfield code="a">|9781400834150</subfield>
         </datafield>
         <datafield tag="024" ind1="7" ind2="">
           <subfield code="2">|doi</subfield>
           <subfield code="a">|10.1515/9781400834150</subfield>
         </datafield>
         <datafield tag="035" ind1="" ind2="">
           <subfield code="a">|(DE-599)GBV818138750</subfield>
           <subfield code="a">|(DE-601)818138750</subfield>
           <subfield code="a">|gruy446986</subfield>
         </datafield>
         <datafield tag="040" ind1="" ind2="">
           <subfield code="a">|Coll.:DEG</subfield>
           <subfield code="a">|DEG</subfield>
           <subfield code="a">|GBVCP</subfield>
           <subfield code="b">|ger</subfield>
           <subfield code="c">|GBVCP</subfield>
           <subfield code="e">|rakwb</subfield>
         </datafield>
         <datafield tag="041" ind1="" ind2="">
           <subfield code="a">|eng</subfield>
         </datafield>
         <datafield tag="084" ind1="" ind2="">
           <subfield code="2">|BISAC</subfield>
           <subfield code="a">|SOC026000</subfield>
         </datafield>
         <datafield tag="100" ind1="1" ind2="">
           <subfield code="a">|Ellickson, Robert C</subfield>
         </datafield>
         <datafield tag="245" ind1="1" ind2="4">
           <subfield code="a">|The Household</subfield>
           <subfield code="b">|Informal Order around the Hearth</subfield>
           <subfield code="h">|Elektronische Ressource</subfield>
         </datafield>
         <datafield tag="260" ind1="3" ind2="">
           <subfield code="a">|Princeton, N.J</subfield>
           <subfield code="b">|Princeton University Press</subfield>
           <subfield code="c">|2010</subfield>
         </datafield>
         <datafield tag="300" ind1="" ind2="">
           <subfield code="a">|Online-Ressource (272 S.)</subfield>
         </datafield>
         <datafield tag="520" ind1="" ind2="">
           <subfield code="a">|Some people dwell alone, many in family-based households, and an adventuresome few in communes. The Household is the first book to systematically lay bare the internal dynamics of these and other home arrangements. Legal underpinnings, social considerations, and economic constraints all influence how household participants select their homemates and govern their interactions around the hearth. Robert Ellickson applies transaction cost economics, sociological theory, and legal analysis to explore issues such as the sharing of household output, the control of domestic misconduct, and the ownership of dwelling units. Drawing on a broad range of historical and statistical sources, Ellickson contrasts family-based households with the more complex arrangements in medieval English castles, Israeli kibbutzim, and contemporary cohousing communities. He shows that most individuals, when structuring their home relationships, pursue a strategy of consorting with intimates. This, he asserts, facilitates informal coordination and tends ultimately to enhance the quality of domestic interactions. He challenges utopian critics who seek to enlarge the scale of the household and legal advocates who urge household members to rely more on written contracts and lawsuits. Ellickson argues that these commentators fail to appreciate the great advantages in the home setting of informally associating with a handful of trusted intimates. The Household is a must-read for sociologists, economists, lawyers, and anyone interested in the fundamentals of domestic life</subfield>
         </datafield>
         <datafield tag="776" ind1="1" ind2="">
           <subfield code="z">|9781400834150</subfield>
         </datafield>
         <datafield tag="856" ind1="4" ind2="">
           <subfield code="m">|V:De Gruyter;X</subfield>
           <subfield code="u">|http://dx.doi.org/10.1515/9781400834150</subfield>
           <subfield code="u">|http://www.degruyter.com/search?f_0=isbnissn&amp;q_0=9781400834150&amp;searchTitles=true</subfield>
         </datafield>
         <datafield tag="912" ind1="" ind2="">
           <subfield code="a">|ZDB-23-DGG</subfield>
           <subfield code="a">|alles</subfield>
         </datafield>
      </record>
   </metadata>
</record>