
<record>
   <header>
      <identifier>DEG-publish:17487</identifier>
   </header>
   <metadata>
      <record xmlns="http://www.loc.gov/MARC21/slim">
         <leader>05948nam  2201297 a 4500</leader>
         <controlfield tag="LDR">05948nam  2201297 a 4500</controlfield>
         <controlfield tag="SYS">17487</controlfield>
         <datafield tag="001" ind1="" ind2="">
           <subfield code="_">17487</subfield>
         </datafield>
         <datafield tag="003" ind1="" ind2="">
           <subfield code="_">DE-14</subfield>
         </datafield>
         <datafield tag="005" ind1="" ind2="">
           <subfield code="_">20150423094111</subfield>
         </datafield>
         <datafield tag="020" ind1="" ind2="">
           <subfield code="9">|9783110353075</subfield>
           <subfield code="9">|9783486714296</subfield>
           <subfield code="a">|9783110353075</subfield>
           <subfield code="a">|9783486714296 (pdf)</subfield>
         </datafield>
         <datafield tag="024" ind1="3" ind2="">
           <subfield code="a">|9783486714296</subfield>
         </datafield>
         <datafield tag="024" ind1="7" ind2="">
           <subfield code="2">|doi</subfield>
           <subfield code="a">|10.1524/9783486714296</subfield>
         </datafield>
         <datafield tag="024" ind1="8" ind2="">
           <subfield code="a">|oldenbourg9783486714296</subfield>
         </datafield>
         <datafield tag="035" ind1="" ind2="">
           <subfield code="a">|(DE-576)427279429</subfield>
           <subfield code="a">|(DE-599)GBV735764816</subfield>
           <subfield code="a">|(DE-599)GBV795262930</subfield>
           <subfield code="a">|(DE-601)735764816</subfield>
           <subfield code="a">|(OCoLC)874205122</subfield>
           <subfield code="a">|(OCoLC)879550669</subfield>
           <subfield code="a">|(OCoLC)ocn874205122</subfield>
           <subfield code="a">|(OCoLC)ocn879550669</subfield>
           <subfield code="a">|(SWB-PPN)427279429</subfield>
           <subfield code="a">|EBL1348862</subfield>
           <subfield code="a">|gruy220898</subfield>
         </datafield>
         <datafield tag="040" ind1="" ind2="">
           <subfield code="a">|Coll.:DEG</subfield>
           <subfield code="a">|DE-576</subfield>
           <subfield code="a">|DEG</subfield>
           <subfield code="a">|GBVCP</subfield>
           <subfield code="a">|PPN:427279429</subfield>
           <subfield code="b">|ger</subfield>
           <subfield code="c">|DE-576</subfield>
           <subfield code="c">|GBVCP</subfield>
           <subfield code="e">|rakwb</subfield>
         </datafield>
         <datafield tag="041" ind1="" ind2="">
           <subfield code="a">|ger</subfield>
         </datafield>
         <datafield tag="050" ind1="" ind2="">
           <subfield code="a">|HD30.28</subfield>
         </datafield>
         <datafield tag="082" ind1="" ind2="">
           <subfield code="a">|658.4</subfield>
         </datafield>
         <datafield tag="082" ind1="" ind2="9">
           <subfield code="a">|650</subfield>
         </datafield>
         <datafield tag="084" ind1="" ind2="">
           <subfield code="2">|BISAC</subfield>
           <subfield code="2">|rvk</subfield>
           <subfield code="a">|BUS041000</subfield>
           <subfield code="a">|QP 320</subfield>
         </datafield>
         <datafield tag="100" ind1="1" ind2="">
           <subfield code="_">|0_(DE-576)165650761</subfield>
           <subfield code="a">|Wollny, Volrad</subfield>
         </datafield>
         <datafield tag="245" ind1="1" ind2="">
           <subfield code="_">|c_Volrad Wollny</subfield>
           <subfield code="a">|Instrumente des strategischen Managements</subfield>
           <subfield code="b">|Grundlagen und Anwendung</subfield>
           <subfield code="c">|von Herbert Paul und Volrad Wollny</subfield>
           <subfield code="h">|Elektronische Ressource</subfield>
         </datafield>
         <datafield tag="250" ind1="" ind2="">
           <subfield code="_">|a_2., aktualisierte und erweiterte Aufl</subfield>
         </datafield>
         <datafield tag="260" ind1="3" ind2="">
           <subfield code="a">|München</subfield>
           <subfield code="b">|Oldenbourg</subfield>
           <subfield code="c">|2011</subfield>
         </datafield>
         <datafield tag="260" ind1="" ind2="">
           <subfield code="_">|a_München</subfield>
           <subfield code="_">|b_De Gruyter/Oldenbourg</subfield>
           <subfield code="_">|c_2014</subfield>
         </datafield>
         <datafield tag="300" ind1="" ind2="">
           <subfield code="_">|a_Online-Ressource (XVIII, 370 S.)</subfield>
           <subfield code="a">|Online-Ressource</subfield>
         </datafield>
         <datafield tag="337" ind1="" ind2="">
           <subfield code="a">|eBook</subfield>
         </datafield>
         <datafield tag="490" ind1="" ind2="">
           <subfield code="a">|BWL 10-2012</subfield>
         </datafield>
         <datafield tag="500" ind1="" ind2="">
           <subfield code="a">|Description based upon print version of record</subfield>
         </datafield>
         <datafield tag="505" ind1="" ind2="">
           <subfield code="a">|4 Die SWOT-Analyse als methodischer Rahmen4.1 Überblick; 4.2 Die SWOT-Instrumente; 4.3 Literatur; 5 Analyse der Unternehmensumwelt; 5.1 Überblick; 5.2 Externe Instrumente; 5.3 Literatur; 6 Analyse des Unternehmens; 6.1 Überblick; 6.2 Interne Instrumente; 6.3 Literatur; 7 Instrumente zur Strategieentwicklung und Auswahl; 7.1 Überblick; 7.2 Unternehmensstrategien; 7.3 Geschäftsfeldfeldstrategien; 7.4 Literatur; 8 Instrumente zur Strategieumsetzung; 8.1 Überblick; 8.2 Umsetzungsinstrumente; 8.3 Literatur; Register</subfield>
           <subfield code="a">|CONTENTS; Abbildungsverzeichnis; Abkürzungsverzeichnis; Vorwort; 1 Strategieinstrumente; 1.1 Ziele und Aufbau dieses Buchs; 1.2 Entwicklung und Kritik; 1.3 Der Nutzen von Strategieinstrumenten; 1.4 Die Anwendung von Strategieinstrumenten; 1.5 Literatur; 2 Der strategische Managementprozess; 2.1 Grundlagen des strategischen Managements; 2.2 Ansätze zur Erklärung der Strategieentwicklung; 2.3 Instrumente als Verbindung zwischen Planung und Lernen; 2.4 Literatur; 3 Allgemeine Instrumente; 3.1 Überblick; 3.2 Allgemeine Analyseinstrumente; 3.3 Richtungsgebende Instrumente; 3.4 Literatur</subfield>
         </datafield>
         <datafield tag="520" ind1="" ind2="">
           <subfield code="_">|a_Prof. Dr. Herbert Paul (Fachhochschule Mainz); Prof. Dr. Vollrad Wollny (Fachhochschule Mainz)</subfield>
           <subfield code="_">|a_This book includes detailed presentations of the most important strategic management tools and discusses their history and theoretical background. The advantages and disadvantages of each tool are extensively illustrated. The focus is on precise step-by-step instruction so the reader can immediately apply the tool and avoid typical beginner's errors in their use and interpretation</subfield>
           <subfield code="_">|a_This book includes detailed presentations of the most important strategic management tools and discusses their history and theoretical background. The advantages and disadvantages of each tool are extensively illustrated. The focus is on precise step-by-step instruction so the reader can immediately apply the tool and avoid typical beginner’s errors in their use and interpretation</subfield>
           <subfield code="a">|Im strategischen Management werden eine Vielzahl von Instrumenten für die strategische Analyse, die Strategieentwicklung und -umsetzung eingesetzt. Das Buch stellt die wichtigsten Instrumente einzeln vor und diskutiert deren Entwicklung und theoretischen Hintergrund. Die Vor- und Nachteile der jeweiligen Instrumente werden dabei intensiv beleuchtet. Der Schwerpunkt liegt auf einer genauen Schritt-für-Schritt-Anleitung, so dass der Leser die Methode sofort anwenden kann und typische Anwendungs- und Interpretationsfehler vermeidet</subfield>
         </datafield>
         <datafield tag="533" ind1="" ind2="">
           <subfield code="a">|Online-Ausg</subfield>
           <subfield code="d">|2012</subfield>
         </datafield>
         <datafield tag="655" ind1="" ind2="">
           <subfield code="a">|Electronic books</subfield>
         </datafield>
         <datafield tag="700" ind1="1" ind2="">
           <subfield code="4">|aut</subfield>
           <subfield code="a">|Paul, Herbert</subfield>
           <subfield code="e">|Author</subfield>
         </datafield>
         <datafield tag="775" ind1="" ind2="">
           <subfield code="_">|a_Paul, Herbert</subfield>
           <subfield code="_">|i_Druckausg</subfield>
           <subfield code="_">|t_Instrumente des strategischen Managements</subfield>
           <subfield code="_">|w_(DE-576)399962506</subfield>
           <subfield code="_">|w_(DE-600)978-3-11-035307-5</subfield>
           <subfield code="_">|w_(DE-600)978-3-11-037360-8</subfield>
         </datafield>
         <datafield tag="776" ind1="1" ind2="">
           <subfield code="_">|9_9783110350593</subfield>
           <subfield code="_">|9_9783110353075</subfield>
           <subfield code="_">|9_9783110373608</subfield>
           <subfield code="_">|z_9783110350593</subfield>
           <subfield code="_">|z_9783110353075</subfield>
           <subfield code="_">|z_9783110373608</subfield>
         </datafield>
         <datafield tag="787" ind1="" ind2="8">
           <subfield code="i">|Druckausg.: </subfield>
           <subfield code="t">|Paul, Herbert: Instrumente des strategischen Managements</subfield>
           <subfield code="w">|(DE-601)617996504</subfield>
         </datafield>
         <datafield tag="856" ind1="4" ind2="">
           <subfield code="_">|u_http://dx.doi.org/10.1524/9783110353075</subfield>
           <subfield code="_">|u_http://www.degruyter.com/search?f_0=isbnissn&amp;q_0=9783110353075&amp;searchTitles=true</subfield>
           <subfield code="_">|x_Verlag</subfield>
           <subfield code="m">|V:De Gruyter;X</subfield>
           <subfield code="u">|http://dx.doi.org/10.1524/9783486714296</subfield>
           <subfield code="u">|http://www.degruyter.com/search?f_0=isbnissn&amp;q_0=9783486714296&amp;searchTitles=true</subfield>
         </datafield>
         <datafield tag="912" ind1="" ind2="">
           <subfield code="a">|PDA1ALL</subfield>
           <subfield code="a">|PDA2HUM</subfield>
           <subfield code="a">|PDA3STM</subfield>
           <subfield code="a">|PDA5EBK</subfield>
           <subfield code="a">|ZDB-23-DGG</subfield>
           <subfield code="a">|ZDB-4-NLEBK</subfield>
           <subfield code="a">|ZDB-42-OBL</subfield>
           <subfield code="a">|ZDB-42-OBW</subfield>
           <subfield code="a">|alles</subfield>
           <subfield code="b">|2010</subfield>
           <subfield code="b">|2012</subfield>
         </datafield>
         <datafield tag="935" ind1="" ind2="">
           <subfield code="_">|b_cofz</subfield>
           <subfield code="_">|c_text</subfield>
         </datafield>
         <datafield tag="950" ind1="" ind2="">
           <subfield code="2">|ciando</subfield>
           <subfield code="a">|Wirtschaft Management</subfield>
         </datafield>
      </record>
   </metadata>
</record>