
<record>
   <header>
      <identifier>DEG-publish:25224</identifier>
   </header>
   <metadata>
      <record xmlns="http://www.loc.gov/MARC21/slim">
         <leader>01450nam  2200577 a 4500</leader>
         <controlfield tag="LDR">01450nam  2200577 a 4500</controlfield>
         <controlfield tag="SYS">25224</controlfield>
         <datafield tag="001" ind1="" ind2="">
           <subfield code="_">25224</subfield>
         </datafield>
         <datafield tag="003" ind1="" ind2="">
           <subfield code="_">DE-14</subfield>
         </datafield>
         <datafield tag="005" ind1="" ind2="">
           <subfield code="_">20150323133336</subfield>
         </datafield>
         <datafield tag="020" ind1="" ind2="">
           <subfield code="9">|9789027934130</subfield>
           <subfield code="a">|9789027934130 (print)</subfield>
         </datafield>
         <datafield tag="024" ind1="3" ind2="">
           <subfield code="a">|9783111352176</subfield>
         </datafield>
         <datafield tag="024" ind1="7" ind2="">
           <subfield code="2">|doi</subfield>
           <subfield code="a">|10.1515/9783111352176</subfield>
         </datafield>
         <datafield tag="035" ind1="" ind2="">
           <subfield code="a">|(DE-599)GBV745534880</subfield>
           <subfield code="a">|(DE-601)745534880</subfield>
           <subfield code="a">|gruy64145</subfield>
         </datafield>
         <datafield tag="040" ind1="" ind2="">
           <subfield code="a">|Coll.:DEG</subfield>
           <subfield code="a">|DEG</subfield>
           <subfield code="a">|GBVCP</subfield>
           <subfield code="b">|ger</subfield>
           <subfield code="c">|GBVCP</subfield>
           <subfield code="e">|rakwb</subfield>
         </datafield>
         <datafield tag="041" ind1="" ind2="">
           <subfield code="a">|eng</subfield>
         </datafield>
         <datafield tag="100" ind1="1" ind2="">
           <subfield code="a">|Gutwinski, Waldemar</subfield>
         </datafield>
         <datafield tag="245" ind1="1" ind2="">
           <subfield code="a">|Cohesion in literary texts</subfield>
           <subfield code="b">|a study of some grammatical and lexical features of English discourse</subfield>
           <subfield code="h">|Elektronische Ressource</subfield>
         </datafield>
         <datafield tag="260" ind1="3" ind2="">
           <subfield code="a">|Berlin</subfield>
           <subfield code="b">|De Gruyter</subfield>
           <subfield code="c">|1976</subfield>
         </datafield>
         <datafield tag="300" ind1="" ind2="">
           <subfield code="a">|Online-Ressource (183 S.)</subfield>
           <subfield code="b">|Ill</subfield>
           <subfield code="c">|155 x 230 mm</subfield>
         </datafield>
         <datafield tag="490" ind1="" ind2="">
           <subfield code="a">|Janua Linguarum. Series Minor</subfield>
           <subfield code="v">|204</subfield>
         </datafield>
         <datafield tag="776" ind1="1" ind2="">
           <subfield code="z">|9783111352176</subfield>
           <subfield code="z">|9783111927190</subfield>
         </datafield>
         <datafield tag="856" ind1="4" ind2="">
           <subfield code="m">|V:De Gruyter;X</subfield>
           <subfield code="u">|http://www.degruyter.com/doi/book/10.1515/9783111352176</subfield>
         </datafield>
         <datafield tag="856" ind1="4" ind2="2">
           <subfield code="3">|Cover</subfield>
           <subfield code="m">|V:De Gruyter;X</subfield>
           <subfield code="u">|http://www.degruyter.com/doc/cover/9783111352176.jpg</subfield>
         </datafield>
         <datafield tag="912" ind1="" ind2="">
           <subfield code="a">|PDA1ALL</subfield>
           <subfield code="a">|PDA1ALL_legacy</subfield>
           <subfield code="a">|PDA2HUM</subfield>
           <subfield code="a">|PDA2HUM_legacy</subfield>
           <subfield code="a">|PDA5EBK</subfield>
           <subfield code="a">|PDA5EBK_legacy</subfield>
           <subfield code="a">|PDA7ENG</subfield>
           <subfield code="a">|ZDB-23-DGG</subfield>
           <subfield code="a">|alles</subfield>
         </datafield>
      </record>
   </metadata>
</record>