
<record>
   <header>
      <identifier>DEG-publish:26744</identifier>
   </header>
   <metadata>
      <record xmlns="http://www.loc.gov/MARC21/slim">
         <leader>06457nam  2201381 a 4500</leader>
         <controlfield tag="LDR">06457nam  2201381 a 4500</controlfield>
         <controlfield tag="SYS">26744</controlfield>
         <datafield tag="001" ind1="" ind2="">
           <subfield code="_">26744</subfield>
         </datafield>
         <datafield tag="003" ind1="" ind2="">
           <subfield code="_">DE-14</subfield>
         </datafield>
         <datafield tag="005" ind1="" ind2="">
           <subfield code="_">20150513081532</subfield>
         </datafield>
         <datafield tag="020" ind1="" ind2="">
           <subfield code="a">|9783412214623</subfield>
         </datafield>
         <datafield tag="024" ind1="7" ind2="">
           <subfield code="2">|doi</subfield>
           <subfield code="a">|10.7788/boehlau.9783412214623</subfield>
         </datafield>
         <datafield tag="035" ind1="" ind2="">
           <subfield code="a">|(DE-B1597)212189</subfield>
           <subfield code="a">|(DE-B1597)9783412214623</subfield>
           <subfield code="a">|(OCoLC)885390375</subfield>
         </datafield>
         <datafield tag="040" ind1="" ind2="">
           <subfield code="a">|Coll.:DEG</subfield>
           <subfield code="a">|DEG</subfield>
           <subfield code="a">|IN-ChSCO</subfield>
           <subfield code="b">|eng</subfield>
           <subfield code="c">|IN-ChSCO</subfield>
         </datafield>
         <datafield tag="041" ind1="" ind2="">
           <subfield code="a">|ger</subfield>
         </datafield>
         <datafield tag="072" ind1="" ind2="7">
           <subfield code="2">|bisacsh</subfield>
           <subfield code="a">|LAW</subfield>
           <subfield code="x">|000000</subfield>
         </datafield>
         <datafield tag="082" ind1="" ind2="4">
           <subfield code="2">|23</subfield>
           <subfield code="a">|340</subfield>
         </datafield>
         <datafield tag="245" ind1="" ind2="">
           <subfield code="a">|Öffentliches Recht</subfield>
           <subfield code="c">|edited by Franck Roumy, Orazio Condorelli, Mathias Schmoeckel</subfield>
         </datafield>
         <datafield tag="264" ind1="" ind2="1">
           <subfield code="a">|Köln/Wien : </subfield>
           <subfield code="b">|Böhlau Verlag, </subfield>
           <subfield code="c">|2011</subfield>
         </datafield>
         <datafield tag="264" ind1="" ind2="4">
           <subfield code="c">|?2011</subfield>
         </datafield>
         <datafield tag="300" ind1="" ind2="">
           <subfield code="a">|1 online resource(xiii,446p.)</subfield>
           <subfield code="b">|illustrations</subfield>
         </datafield>
         <datafield tag="336" ind1="" ind2="">
           <subfield code="2">|rdacontent</subfield>
           <subfield code="a">|text</subfield>
         </datafield>
         <datafield tag="337" ind1="" ind2="">
           <subfield code="2">|rdamedia</subfield>
           <subfield code="a">|computer</subfield>
         </datafield>
         <datafield tag="338" ind1="" ind2="">
           <subfield code="2">|rdacarrier</subfield>
           <subfield code="a">|online resource</subfield>
         </datafield>
         <datafield tag="490" ind1="1" ind2="">
           <subfield code="a">|Der Einfluss der Kanonistik auf die europäische Rechtskultur;</subfield>
           <subfield code="v">|Band 2</subfield>
         </datafield>
         <datafield tag="490" ind1="" ind2="">
           <subfield code="a">|Norm und Struktur. Studien zum sozialen Wandel in Mittelalter und Früher Neuzeit; </subfield>
           <subfield code="v">|37</subfield>
         </datafield>
         <datafield tag="505" ind1="" ind2="">
           <subfield code="r">|Ascheri, Mario -- </subfield>
           <subfield code="r">|Basdevant-Gaudemet, Brigitte -- </subfield>
           <subfield code="r">|Condorelli, Orazio -- </subfield>
           <subfield code="r">|Conte, Emanuele -- </subfield>
           <subfield code="r">|Demoulin-Auzary, Florence -- </subfield>
           <subfield code="r">|Di Paolo, Silvia -- </subfield>
           <subfield code="r">|Hermann, Hans-Georg -- </subfield>
           <subfield code="r">|Landau, Peter -- </subfield>
           <subfield code="r">|Lefebvre-Teillard, Anne -- </subfield>
           <subfield code="r">|Mayenburg, David von -- </subfield>
           <subfield code="r">|Miramon, Charles de -- </subfield>
           <subfield code="r">|Padoa-Schioppa, Antonio -- </subfield>
           <subfield code="r">|Roumy, Franck -- </subfield>
           <subfield code="r">|Santangelo Cordani, Angela -- </subfield>
           <subfield code="r">|Schmoeckel, Mathias -- </subfield>
           <subfield code="r">|Siméant, Clarisse -- </subfield>
           <subfield code="r">|Thier, Andreas -- </subfield>
           <subfield code="t">|"Quaero quid sit visitatio et quid visitare" Alcune annotazioni sull’esperienza canonistica dell’amministrazione / </subfield>
           <subfield code="t">|A margine del titolo De constitutionibus del Liber Extra (I, 2): dal testo a un tardo commentatore / </subfield>
           <subfield code="t">|Avant-Propos -- </subfield>
           <subfield code="t">|Backmatter</subfield>
           <subfield code="t">|Der Tyrannenmord als Rechtsproblem in kanonistischer Wahrnehmung und kanonistischen Wahrnehmungsdefiziten / </subfield>
           <subfield code="t">|Dispensatio als Ausgleich zwischen iustitia, misericordia und prudentia: Aspekte einer Theologie der Gesetzesinterpretation / </subfield>
           <subfield code="t">|Frontmatter -- </subfield>
           <subfield code="t">|Gelehrtes Recht und deutsche Verfassungsgeschichte: Der Prozess Heinrichs des Löwen und die Gelnhäuser Urkunde. / </subfield>
           <subfield code="t">|I beni delle Piae causae tra beneficenza e vincolo fiduciario / </subfield>
           <subfield code="t">|I fondamenti morali e giuridici dell’imposizione tributaria. Sondaggi nel diritto comune tardomedievale / </subfield>
           <subfield code="t">|Il conferimento dei benefici ecclesiastici e l’amministrazione della Chiesa nel diritto canonico classico tra legislazione, giurisprudenza e scienza del diritto / </subfield>
           <subfield code="t">|Index canonum et legum -- </subfield>
           <subfield code="t">|Index personarum -- </subfield>
           <subfield code="t">|Index rerum -- </subfield>
           <subfield code="t">|Inhalt -- </subfield>
           <subfield code="t">|Justice publique, justice privée: les origines canoniques de quelques grands traits caractéristiques de l’arbitrage moderne / </subfield>
           <subfield code="t">|Klassische Kanonistik und kontraktualistische Tradition / </subfield>
           <subfield code="t">|La contribution du droit canonique à la construction d’un droit féodal savant / </subfield>
           <subfield code="t">|Le droit coutumier entre juridicisation et identité communautaire. De Sumatra à la France du Nord vers 1100 / </subfield>
           <subfield code="t">|Les origines canoniques de la notion moderne d’acte authentique ou public / </subfield>
           <subfield code="t">|L’influence du droit canonique sur le droit des fonctions publiques / </subfield>
           <subfield code="t">|L’influence du droit romano-canonique médiéval sur la construction juridique du territoire / </subfield>
           <subfield code="t">|Note sul principio maggioritario nel diritto canonico classico / </subfield>
           <subfield code="t">|Prefazione -- </subfield>
           <subfield code="t">|Ubi est incolumitas obedientiae, ibi sana est forma doctrinae – Aufruhr und Revolte im kanonischen Recht / </subfield>
           <subfield code="t">|Vorwort -- </subfield>
         </datafield>
         <datafield tag="520" ind1="" ind2="">
           <subfield code="a">|Das heutige Recht aller europäischen Staaten ist ganz maß?geblich durch die Kirche geprägt. Dennoch sind deren ?kanonisches Recht? und dessen Beitrag zur europäischen Rechtskultur inzwischen fast völlig in Vergessenheit geraten. Kanonistische Forschung wird an juristischen Fakultäten kaum noch betrieben, selbst manchen Rechtshistorikern ?erscheint das kanonische Recht als Buch mit sieben Siegeln. Der vorliegende Band zum Öffentlichen Recht der Kirche ist der zweite eines mehrbändiges Werkes, das die Beiträge von insgesamt drei internationalen Tagungen versammelt. Dabei wird mit Hilfe von Einzelfallstudien zu zentralen Rechtsproblemen ein Überblick über den Forschungsstand geboten und gleichzeitig der Einstieg in diese schwierige, aber auch ?fas?zinierende und anregende Forschungswelt erleichtert</subfield>
         </datafield>
         <datafield tag="533" ind1="" ind2="">
           <subfield code="a">|Electronic reproduction. </subfield>
           <subfield code="b">|Köln/Wien : </subfield>
           <subfield code="c">|Böhlau Verlag, </subfield>
           <subfield code="d">|2011. </subfield>
           <subfield code="n">|Access may be restricted to users at subscribing institutions</subfield>
           <subfield code="n">|Mode of access: World Wide Web. </subfield>
           <subfield code="n">|System requirements: Web browser. </subfield>
         </datafield>
         <datafield tag="538" ind1="" ind2="">
           <subfield code="a">|Mode of access: Internet via World Wide Web</subfield>
         </datafield>
         <datafield tag="545" ind1="" ind2="">
           <subfield code="a">|Mathias Schmoeckel lehrt Rechtsgeschichte und Zivilrecht an der Universität Bonn. Franck Roumy ist Professor für Rechtsgeschichte an der Universität Paris II. Orazio Condorelli ist Professor für Rechtsgeschichte an der Universität Catania</subfield>
         </datafield>
         <datafield tag="546" ind1="" ind2="">
           <subfield code="a">|In German</subfield>
         </datafield>
         <datafield tag="588" ind1="" ind2="">
           <subfield code="a">|Description based on online resource; title from PDF title page (ACM, viewed April 03 2015)</subfield>
         </datafield>
         <datafield tag="650" ind1="" ind2="">
           <subfield code="a">|Law</subfield>
           <subfield code="x">|Law, other</subfield>
         </datafield>
         <datafield tag="650" ind1="" ind2="4">
           <subfield code="a">|Recht</subfield>
         </datafield>
         <datafield tag="700" ind1="1" ind2="">
           <subfield code="a">|Condorelli, Orazio</subfield>
           <subfield code="a">|Roumy, Franck</subfield>
           <subfield code="a">|Schmoeckel, Mathias</subfield>
           <subfield code="e">|editor</subfield>
         </datafield>
         <datafield tag="830" ind1="" ind2="1">
           <subfield code="a">|Der Einfluss der Kanonistik auf die europäische Rechtskultur;</subfield>
           <subfield code="a">|Norm und Struktur. Studien zum sozialen Wandel in Mittelalter und Früher Neuzeit; </subfield>
           <subfield code="v">|37</subfield>
           <subfield code="v">|Band 2</subfield>
         </datafield>
         <datafield tag="856" ind1="4" ind2="">
           <subfield code="u">|http://dx.doi.org/10.7788/boehlau.9783412214623</subfield>
         </datafield>
         <datafield tag="912" ind1="" ind2="">
           <subfield code="a">|PDA11SSHE</subfield>
           <subfield code="a">|PDA12STME</subfield>
           <subfield code="a">|PDA1ALL</subfield>
           <subfield code="a">|PDA2HUM</subfield>
           <subfield code="a">|PDA2HUM_legacy</subfield>
           <subfield code="a">|PDA3STM</subfield>
           <subfield code="a">|PDA5EBK</subfield>
           <subfield code="a">|ZDB-23-DGG</subfield>
         </datafield>
      </record>
   </metadata>
</record>