
<record>
   <header>
      <identifier>DEG-publish:11121</identifier>
   </header>
   <metadata>
      <record xmlns="http://www.loc.gov/MARC21/slim">
         <leader>04988nam  2201537 a 4500</leader>
         <controlfield tag="LDR">04988nam  2201537 a 4500</controlfield>
         <controlfield tag="SYS">11121</controlfield>
         <datafield tag="001" ind1="" ind2="">
           <subfield code="_">11121</subfield>
         </datafield>
         <datafield tag="003" ind1="" ind2="">
           <subfield code="_">DE-14</subfield>
         </datafield>
         <datafield tag="005" ind1="" ind2="">
           <subfield code="_">20150323132409</subfield>
         </datafield>
         <datafield tag="016" ind1="" ind2="">
           <subfield code="a">|(OCoLC)897165457</subfield>
         </datafield>
         <datafield tag="020" ind1="" ind2="">
           <subfield code="9">|9780674593244</subfield>
           <subfield code="a">|9780674593244</subfield>
         </datafield>
         <datafield tag="024" ind1="7" ind2="">
           <subfield code="2">|doi</subfield>
           <subfield code="a">|10.1515\9780674593244</subfield>
         </datafield>
         <datafield tag="035" ind1="" ind2="">
           <subfield code="a">|(DE-576)416694454</subfield>
           <subfield code="a">|(DE-599)GBV787737127</subfield>
           <subfield code="a">|(DE-B1597)10.4159/harvard.9780674593244</subfield>
           <subfield code="a">|(DE-B1597)251828</subfield>
           <subfield code="a">|(SWB-PPN)416694454</subfield>
         </datafield>
         <datafield tag="040" ind1="" ind2="">
           <subfield code="a">|Coll.:DEG</subfield>
           <subfield code="a">|DE-576</subfield>
           <subfield code="a">|DEG</subfield>
           <subfield code="a">|IN-ChSCO</subfield>
           <subfield code="a">|PPN:416694454</subfield>
           <subfield code="b">|eng</subfield>
           <subfield code="b">|ger</subfield>
           <subfield code="c">|DE-576</subfield>
           <subfield code="c">|IN-ChSCO</subfield>
           <subfield code="e">|rakwb</subfield>
         </datafield>
         <datafield tag="041" ind1="" ind2="">
           <subfield code="a">|eng</subfield>
         </datafield>
         <datafield tag="050" ind1="" ind2="4">
           <subfield code="a">|RA962</subfield>
         </datafield>
         <datafield tag="072" ind1="" ind2="7">
           <subfield code="2">|bisacsh </subfield>
           <subfield code="a">|MED</subfield>
           <subfield code="x">|043000 </subfield>
           <subfield code="x">|078000 </subfield>
         </datafield>
         <datafield tag="082" ind1="" ind2="4">
           <subfield code="a">|362.11</subfield>
         </datafield>
         <datafield tag="245" ind1="1" ind2="">
           <subfield code="_">|a_Hospitals, Doctors, and the Public Interest</subfield>
           <subfield code="_">|h_Elektronische Ressource</subfield>
         </datafield>
         <datafield tag="245" ind1="" ind2="">
           <subfield code="a">|Hospitals, Doctors, and the Public Interest</subfield>
           <subfield code="c">|edited by John H. Knowles</subfield>
         </datafield>
         <datafield tag="260" ind1="" ind2="">
           <subfield code="_">|a_s.l</subfield>
           <subfield code="_">|b_Harvard University Press</subfield>
         </datafield>
         <datafield tag="264" ind1="" ind2="1">
           <subfield code="a">|Cambridge, Mass.:</subfield>
           <subfield code="b">|Harvard University Press, </subfield>
           <subfield code="c">|1965</subfield>
         </datafield>
         <datafield tag="264" ind1="" ind2="4">
           <subfield code="c">|?1965</subfield>
         </datafield>
         <datafield tag="300" ind1="" ind2="">
           <subfield code="_">|a_Online-Ressource (XI, 337 S.)</subfield>
           <subfield code="a">|1 online resource(xi,337p.)</subfield>
           <subfield code="b">|illustrations</subfield>
         </datafield>
         <datafield tag="336" ind1="" ind2="">
           <subfield code="2">|rdacontent</subfield>
           <subfield code="a">|text</subfield>
         </datafield>
         <datafield tag="337" ind1="" ind2="">
           <subfield code="2">|rdamedia</subfield>
           <subfield code="a">|computer</subfield>
         </datafield>
         <datafield tag="338" ind1="" ind2="">
           <subfield code="2">|rdacarrier</subfield>
           <subfield code="a">|online resource</subfield>
         </datafield>
         <datafield tag="504" ind1="" ind2="">
           <subfield code="a">|5 schw.-w. Abb., 17 schw.-w. Tab</subfield>
         </datafield>
         <datafield tag="505" ind1="" ind2="">
           <subfield code="r">|Cherkasky, Martin -- </subfield>
           <subfield code="r">|Churchill, Edward D. -- </subfield>
           <subfield code="r">|Knowles, John H. -- </subfield>
           <subfield code="r">|Lindemann, Erich -- </subfield>
           <subfield code="r">|Masur, Jack -- </subfield>
           <subfield code="r">|McKeown, Thomas -- </subfield>
           <subfield code="r">|Nelson, Russell A. -- </subfield>
           <subfield code="r">|Neumann, Ellsworth T. -- </subfield>
           <subfield code="r">|Peterson, Osier L. -- </subfield>
           <subfield code="r">|Pollack, Jerome -- </subfield>
           <subfield code="r">|Reader, George G. -- </subfield>
           <subfield code="r">|Rutstein, David D. -- </subfield>
           <subfield code="r">|Schottland, Charles I. -- </subfield>
           <subfield code="r">|Somers, Herman M. -- </subfield>
           <subfield code="r">|Trussell, Ray E. -- </subfield>
           <subfield code="t">|AT THE TURN OF THE NEXT CENTURY / </subfield>
           <subfield code="t">|CONTENTS -- </subfield>
           <subfield code="t">|Frontmatter -- </subfield>
           <subfield code="t">|GOVERNMENT AND HOSPITALS / </subfield>
           <subfield code="t">|HOSPITALS, MEDICINE, AND THE BEHAVIORAL SCIENCES / </subfield>
           <subfield code="t">|INDEX</subfield>
           <subfield code="t">|MEDICAL CARE RESEARCH: COUNTERBALANCE TO OPINION AND HABIT / </subfield>
           <subfield code="t">|MEDICAL EDUCATION AND MEDICAL CARE: AN EXAMINATION OF TRADITIONAL CONCEPTS AND SUGGESTIONS FOR CHANGE / </subfield>
           <subfield code="t">|MEDICAL EDUCATION IN THE HOSPITAL / </subfield>
           <subfield code="t">|NOTES -- </subfield>
           <subfield code="t">|PREFACE -- </subfield>
           <subfield code="t">|PRIVATE HEALTH INSURANCE: PROGRESS AND PROBLEMS / </subfield>
           <subfield code="t">|THE BALANCED BIOLOGY OF THE TEACHING HOSPITAL / </subfield>
           <subfield code="t">|THE HEALTH NEEDS OF COMMUNITIES / </subfield>
           <subfield code="t">|THE HOSPITAL AND THE CONTINUING EDUCATION OF THE PHYSICIAN / </subfield>
           <subfield code="t">|THE HOSPITAL AS A SOCIAL INSTRUMENT: RECENT EXPERIENCES AT MONTEFIORE HOSPITAL / </subfield>
           <subfield code="t">|THE PROBLEMS OF MAINTAINING QUALITY IN HOSPITALS / </subfield>
           <subfield code="t">|THE SOCIAL SECURITY SYSTEM AND MEDICAL CARE / </subfield>
           <subfield code="t">|THE TEACHING HOSPITAL AND THE COMMUNITY / </subfield>
           <subfield code="t">|THE TEACHING HOSPITAL: HISTORICAL PERSPECTIVE AND A CONTEMPORARY VIEW / </subfield>
           <subfield code="t">|THE VOICE OF THE CONSUMER: COST, QUALITY, AND ORGANIZATION OF MEDICAL SERVICES / </subfield>
         </datafield>
         <datafield tag="530" ind1="" ind2="">
           <subfield code="a">|Also available in print edition</subfield>
         </datafield>
         <datafield tag="533" ind1="" ind2="">
           <subfield code="a">|Electronic reproduction. : </subfield>
           <subfield code="c">|Harvard University Press, </subfield>
           <subfield code="d">|1965. </subfield>
           <subfield code="n">|Access may be restricted to users at subscribing institutions</subfield>
           <subfield code="n">|Mode of access: World Wide Web. </subfield>
           <subfield code="n">|System requirements: Web browser. </subfield>
         </datafield>
         <datafield tag="538" ind1="" ind2="">
           <subfield code="a">|Mode of access: Internet via World Wide Web</subfield>
         </datafield>
         <datafield tag="546" ind1="" ind2="">
           <subfield code="a">|In English</subfield>
         </datafield>
         <datafield tag="588" ind1="" ind2="">
           <subfield code="a">|Description based on online resource; title from PDF title page (publisher’s Web site, viewed May 26, 2011)</subfield>
         </datafield>
         <datafield tag="650" ind1="" ind2="">
           <subfield code="a">|Hospitals</subfield>
           <subfield code="a">|Medical care</subfield>
           <subfield code="a">|Medical education</subfield>
           <subfield code="a">|Soziale Probleme, Sozialdienste, Versicherungen</subfield>
         </datafield>
         <datafield tag="650" ind1="" ind2="4">
           <subfield code="a">|Medical care</subfield>
           <subfield code="a">|Medical education</subfield>
           <subfield code="z">|United States</subfield>
         </datafield>
         <datafield tag="700" ind1="1" ind2="">
           <subfield code="_">|0_(DE-576)161758428</subfield>
           <subfield code="_">|a_Knowles, John H</subfield>
           <subfield code="a">|Knowles, John H., </subfield>
           <subfield code="e">|editor</subfield>
         </datafield>
         <datafield tag="775" ind1="" ind2="">
           <subfield code="_">|i_Druckausg</subfield>
           <subfield code="_">|w_(DE-600)978-0-674-59323-7</subfield>
         </datafield>
         <datafield tag="776" ind1="1" ind2="">
           <subfield code="_">|9_9780674593237</subfield>
           <subfield code="_">|z_9780674593237</subfield>
         </datafield>
         <datafield tag="776" ind1="" ind2="">
           <subfield code="c">|Print</subfield>
           <subfield code="z">|9780674593237</subfield>
         </datafield>
         <datafield tag="856" ind1="4" ind2="">
           <subfield code="_">|u_http://www.degruyter.com/search?f_0=isbnissn&amp;q_0=9780674593244&amp;searchTitles=true</subfield>
           <subfield code="_">|x_Verlag</subfield>
           <subfield code="u">|http://dx.doi.org/10.4159/harvard.9780674593244</subfield>
         </datafield>
         <datafield tag="912" ind1="" ind2="">
           <subfield code="a">|PDA1ALL</subfield>
           <subfield code="a">|PDA1ALL_legacy</subfield>
           <subfield code="a">|PDA3STM</subfield>
           <subfield code="a">|PDA3STM_legacy</subfield>
           <subfield code="a">|PDA5EBK</subfield>
           <subfield code="a">|PDA5EBK_legacy</subfield>
           <subfield code="a">|PDA7ENG</subfield>
           <subfield code="a">|ZDB-23-DGG</subfield>
         </datafield>
         <datafield tag="935" ind1="" ind2="">
           <subfield code="_">|b_cofz</subfield>
           <subfield code="_">|c_text</subfield>
         </datafield>
      </record>
   </metadata>
</record>