
<record>
   <header>
      <identifier>DEG-publish:18645</identifier>
   </header>
   <metadata>
      <record xmlns="http://www.loc.gov/MARC21/slim">
         <leader>04160nam  2201429 a 4500</leader>
         <controlfield tag="LDR">04160nam  2201429 a 4500</controlfield>
         <controlfield tag="SYS">18645</controlfield>
         <datafield tag="001" ind1="" ind2="">
           <subfield code="_">18645</subfield>
         </datafield>
         <datafield tag="003" ind1="" ind2="">
           <subfield code="_">DE-14</subfield>
         </datafield>
         <datafield tag="005" ind1="" ind2="">
           <subfield code="_">20150423092515</subfield>
         </datafield>
         <datafield tag="016" ind1="" ind2="">
           <subfield code="a">|(OCoLC)853267592</subfield>
         </datafield>
         <datafield tag="020" ind1="" ind2="">
           <subfield code="9">|3110169789</subfield>
           <subfield code="9">|9783110169782</subfield>
           <subfield code="9">|9783110822823</subfield>
           <subfield code="a">|3110169789</subfield>
           <subfield code="a">|9783110169782</subfield>
           <subfield code="a">|9783110822823</subfield>
         </datafield>
         <datafield tag="024" ind1="7" ind2="">
           <subfield code="2">|doi</subfield>
           <subfield code="a">|10.1515/9783110822823</subfield>
         </datafield>
         <datafield tag="035" ind1="" ind2="">
           <subfield code="a">|(DE-576)405053134</subfield>
           <subfield code="a">|(DE-599)GBV739640585</subfield>
           <subfield code="a">|(DE-601)739640585</subfield>
           <subfield code="a">|(OCoLC)608762230</subfield>
           <subfield code="a">|(SWB-PPN)405053134</subfield>
           <subfield code="a">|ebr10588220</subfield>
           <subfield code="a">|gruy43438</subfield>
         </datafield>
         <datafield tag="040" ind1="" ind2="">
           <subfield code="a">|Coll.:DEG</subfield>
           <subfield code="a">|DE-576</subfield>
           <subfield code="a">|DEG</subfield>
           <subfield code="a">|GBVCP</subfield>
           <subfield code="a">|PPN:405053134</subfield>
           <subfield code="b">|ger</subfield>
           <subfield code="c">|DE-576</subfield>
           <subfield code="c">|GBVCP</subfield>
           <subfield code="e">|rakwb</subfield>
         </datafield>
         <datafield tag="041" ind1="" ind2="">
           <subfield code="a">|eng</subfield>
           <subfield code="a">|ger</subfield>
         </datafield>
         <datafield tag="050" ind1="" ind2="">
           <subfield code="a">|PD2013</subfield>
         </datafield>
         <datafield tag="084" ind1="" ind2="">
           <subfield code="2">|BISAC</subfield>
           <subfield code="a">|HIS000000</subfield>
         </datafield>
         <datafield tag="110" ind1="2" ind2="">
           <subfield code="a">|Internationales Kolloquium im Wikinger Museum Haithabu</subfield>
           <subfield code="c">|(1994 :Schleswig, Germany)</subfield>
         </datafield>
         <datafield tag="245" ind1="1" ind2="">
           <subfield code="_">|a_Von Thorsberg nach Schleswig</subfield>
           <subfield code="_">|b_Sprache und Schriftlichkeit eines Grenzgebietes im Wandel eines Jahrtausends ; Internationales Kolloquium im Wikinger Museum Haithabu vom 29. September-3. Oktober 1994</subfield>
           <subfield code="_">|h_Elektronische Ressource</subfield>
         </datafield>
         <datafield tag="245" ind1="" ind2="">
           <subfield code="a">|Von Thorsberg nach Schleswig</subfield>
           <subfield code="b">|Sprache und Schriftlichkeit eines Grenzgebietes im Wandel eines Jahrtausends ; Internationales Kolloquium im Wikinger Museum Haithabu vom 29. September-3. Oktober 1994</subfield>
           <subfield code="c">|unter Mitarbeit von Lars E. Worgull; herausgegeben von Klaus Düwel, Edith Marold, Christiane Zimmermann</subfield>
           <subfield code="h">|Elektronische Ressource</subfield>
         </datafield>
         <datafield tag="260" ind1="3" ind2="">
           <subfield code="a">|Berlin ;New York</subfield>
           <subfield code="b">|de Gruyter</subfield>
           <subfield code="c">|2001</subfield>
         </datafield>
         <datafield tag="260" ind1="" ind2="">
           <subfield code="_">|a_Berlin ;New York</subfield>
           <subfield code="_">|b_de Gruyter</subfield>
           <subfield code="_">|c_2001</subfield>
         </datafield>
         <datafield tag="300" ind1="" ind2="">
           <subfield code="a">|Online-Ressource (viii, 307 p)</subfield>
           <subfield code="b">|ill</subfield>
         </datafield>
         <datafield tag="490" ind1="" ind2="">
           <subfield code="a">|Ergänzungsbände zum Reallexikon der germanischen Altertumskunde</subfield>
           <subfield code="v">|Bd. 25</subfield>
         </datafield>
         <datafield tag="500" ind1="" ind2="">
           <subfield code="a">|Includes bibliographical references and indexes</subfield>
         </datafield>
         <datafield tag="533" ind1="" ind2="">
           <subfield code="a">|Online-Ausg</subfield>
           <subfield code="b">|Palo Alto, Calif</subfield>
           <subfield code="c">|ebrary</subfield>
           <subfield code="d">|2011</subfield>
           <subfield code="n">|Electronic reproduction; Available via World Wide Web</subfield>
         </datafield>
         <datafield tag="650" ind1="" ind2="">
           <subfield code="a">|Germanic languages</subfield>
           <subfield code="a">|Inscriptions, Runic</subfield>
           <subfield code="v">|Congresses</subfield>
           <subfield code="z">|Denmark</subfield>
           <subfield code="z">|Germany</subfield>
           <subfield code="z">|Jutland</subfield>
           <subfield code="z">|Schleswig-Holstein</subfield>
         </datafield>
         <datafield tag="650" ind1="" ind2="4">
           <subfield code="_">|a_Germanic languages</subfield>
           <subfield code="_">|a_Inscriptions, Runic</subfield>
         </datafield>
         <datafield tag="651" ind1="" ind2="">
           <subfield code="a">|Jutland (Denmark)</subfield>
           <subfield code="a">|Schleswig-Holstein (Germany)</subfield>
           <subfield code="v">|Congresses</subfield>
           <subfield code="x">|Antiquities</subfield>
         </datafield>
         <datafield tag="653" ind1="" ind2="">
           <subfield code="a">|Antiquities</subfield>
           <subfield code="a">|Congresses</subfield>
           <subfield code="a">|Denmark</subfield>
           <subfield code="a">|Germanic languages</subfield>
           <subfield code="a">|Germany</subfield>
           <subfield code="a">|Inscriptions, Runic</subfield>
           <subfield code="a">|Jutland</subfield>
           <subfield code="a">|Jutland (Denmark)</subfield>
           <subfield code="a">|Schleswig-Holstein</subfield>
           <subfield code="a">|Schleswig-Holstein (Germany)</subfield>
         </datafield>
         <datafield tag="700" ind1="1" ind2="">
           <subfield code="_">|0_(DE-576)163768633</subfield>
           <subfield code="_">|0_(DE-576)165343656</subfield>
           <subfield code="_">|0_(DE-576)183762770</subfield>
           <subfield code="_">|0_(DE-576)362393206</subfield>
           <subfield code="a">|Düwel, Klaus</subfield>
           <subfield code="a">|Marold, Edith</subfield>
           <subfield code="a">|Worgull, Lars E</subfield>
           <subfield code="a">|Zimmermann, Christiane</subfield>
         </datafield>
         <datafield tag="710" ind1="2" ind2="">
           <subfield code="a">|ebrary, Inc</subfield>
         </datafield>
         <datafield tag="711" ind1="2" ind2="">
           <subfield code="a">|Internationales Kolloquium im Wikinger Museum Haithabu</subfield>
           <subfield code="c">|Schleswig, Germany)</subfield>
           <subfield code="d">|(1994</subfield>
         </datafield>
         <datafield tag="775" ind1="" ind2="">
           <subfield code="_">|i_Druckausg</subfield>
           <subfield code="_">|w_(DE-600)3-11-016978-9</subfield>
           <subfield code="_">|w_(DE-600)978-3-11-016978-2</subfield>
         </datafield>
         <datafield tag="776" ind1="1" ind2="">
           <subfield code="_">|9_3110169789</subfield>
           <subfield code="_">|9_9783110169782</subfield>
           <subfield code="_">|z_3110169789</subfield>
           <subfield code="_">|z_9783110169782</subfield>
           <subfield code="z">|9783110822823</subfield>
         </datafield>
         <datafield tag="856" ind1="4" ind2="">
           <subfield code="_">|x_Verlag</subfield>
           <subfield code="m">|V:De Gruyter;X</subfield>
           <subfield code="u">|http://www.degruyter.com/doi/book/10.1515/9783110822823</subfield>
         </datafield>
         <datafield tag="856" ind1="4" ind2="2">
           <subfield code="3">|Cover</subfield>
           <subfield code="m">|V:De Gruyter;X</subfield>
           <subfield code="u">|http://www.degruyter.com/doc/cover/9783110822823.jpg</subfield>
         </datafield>
         <datafield tag="912" ind1="" ind2="">
           <subfield code="a">|PDA1ALL</subfield>
           <subfield code="a">|PDA1ALL_legacy</subfield>
           <subfield code="a">|PDA2HUM</subfield>
           <subfield code="a">|PDA2HUM_legacy</subfield>
           <subfield code="a">|PDA5EBK</subfield>
           <subfield code="a">|PDA5EBK_legacy</subfield>
           <subfield code="a">|ZDB-23-DGG</subfield>
           <subfield code="a">|alles</subfield>
         </datafield>
         <datafield tag="935" ind1="" ind2="">
           <subfield code="_">|b_cofz</subfield>
           <subfield code="_">|c_text</subfield>
         </datafield>
      </record>
   </metadata>
</record>