
<record>
   <header>
      <identifier>DEG-publish:238214</identifier>
   </header>
   <metadata>
      <record xmlns="http://www.loc.gov/MARC21/slim">
         <leader>02986nam  2200985 a 4500</leader>
         <controlfield tag="LDR">02986nam  2200985 a 4500</controlfield>
         <controlfield tag="SYS">238214</controlfield>
         <datafield tag="001" ind1="" ind2="">
           <subfield code="_">238214</subfield>
         </datafield>
         <datafield tag="003" ind1="" ind2="">
           <subfield code="_">DE-14</subfield>
         </datafield>
         <datafield tag="005" ind1="" ind2="">
           <subfield code="_">20150513081328</subfield>
         </datafield>
         <datafield tag="020" ind1="" ind2="">
           <subfield code="a">|9783111468570</subfield>
         </datafield>
         <datafield tag="024" ind1="7" ind2="">
           <subfield code="2">|doi</subfield>
           <subfield code="a">|10.1515/9783111468570</subfield>
         </datafield>
         <datafield tag="035" ind1="" ind2="">
           <subfield code="a">|(DE-B1597)73299</subfield>
           <subfield code="a">|(DE-B1597)9783111468570</subfield>
         </datafield>
         <datafield tag="040" ind1="" ind2="">
           <subfield code="a">|Coll.:DEG</subfield>
           <subfield code="a">|DEG</subfield>
           <subfield code="a">|IN-ChSCO</subfield>
           <subfield code="b">|eng</subfield>
           <subfield code="c">|IN-ChSCO</subfield>
         </datafield>
         <datafield tag="041" ind1="" ind2="">
           <subfield code="a">|ger</subfield>
         </datafield>
         <datafield tag="072" ind1="" ind2="7">
           <subfield code="2">|bisacsh</subfield>
           <subfield code="a">|LIT</subfield>
           <subfield code="x">|000000</subfield>
         </datafield>
         <datafield tag="082" ind1="" ind2="4">
           <subfield code="2">|23</subfield>
           <subfield code="a">|808.8</subfield>
         </datafield>
         <datafield tag="100" ind1="1" ind2="">
           <subfield code="a">|Boiardo, Matteo Maria</subfield>
           <subfield code="e">|author</subfield>
         </datafield>
         <datafield tag="245" ind1="1" ind2="">
           <subfield code="a">|Matteo Maria Bojardo's, Grafen von Scandiana, Verliebter Roland, als erster Theil zu Ariosto's Rasendem Roland nach den bisher zugänglichen Texten der Urschrift zum erstenmale vollständig verdeutscht .</subfield>
           <subfield code="b">|Nebst dem Portrait des Dichters</subfield>
           <subfield code="c">|Matteo Maria Boiardo, edited by Gottlob Regis</subfield>
         </datafield>
         <datafield tag="264" ind1="" ind2="1">
           <subfield code="a">|Berlin/Boston : </subfield>
           <subfield code="b">|De Gruyter, </subfield>
           <subfield code="c">|1840</subfield>
         </datafield>
         <datafield tag="264" ind1="" ind2="4">
           <subfield code="c">|?1840</subfield>
         </datafield>
         <datafield tag="300" ind1="" ind2="">
           <subfield code="a">|1 online resource(475p.)</subfield>
           <subfield code="b">|illustrations</subfield>
         </datafield>
         <datafield tag="336" ind1="" ind2="">
           <subfield code="2">|rdacontent</subfield>
           <subfield code="a">|text</subfield>
         </datafield>
         <datafield tag="337" ind1="" ind2="">
           <subfield code="2">|rdamedia</subfield>
           <subfield code="a">|computer</subfield>
         </datafield>
         <datafield tag="338" ind1="" ind2="">
           <subfield code="2">|rdacarrier</subfield>
           <subfield code="a">|online resource</subfield>
         </datafield>
         <datafield tag="504" ind1="" ind2="">
           <subfield code="a">|1 frontispiece</subfield>
         </datafield>
         <datafield tag="505" ind1="" ind2="">
           <subfield code="t">|Achills - Avin -- </subfield>
           <subfield code="t">|Anmerkungen zum dritten Buche -- </subfield>
           <subfield code="t">|Anmerkungen zum ersten Buche -- </subfield>
           <subfield code="t">|Anmerkungen zum zweiten Buche -- </subfield>
           <subfield code="t">|Bajard - Bojardo -- </subfield>
           <subfield code="t">|Berichtigungen, die man vor dem Lesen einzutragen bittet -- </subfield>
           <subfield code="t">|Bradamante - Rodamonte -- </subfield>
           <subfield code="t">|Drittes Buch -- </subfield>
           <subfield code="t">|Erstes Buch -- </subfield>
           <subfield code="t">|Frontmatter -- </subfield>
           <subfield code="t">|Nachschrift</subfield>
           <subfield code="t">|Register -- </subfield>
           <subfield code="t">|Roland - Stammtafel der Könige und Paladinen -- </subfield>
           <subfield code="t">|Tristan - Zwerge -- </subfield>
           <subfield code="t">|Zusätze zu den Anmerkungen -- </subfield>
           <subfield code="t">|Zweites Buch -- </subfield>
         </datafield>
         <datafield tag="530" ind1="" ind2="">
           <subfield code="a">|Also available in print edition</subfield>
         </datafield>
         <datafield tag="533" ind1="" ind2="">
           <subfield code="a">|Electronic reproduction. </subfield>
           <subfield code="b">|Berlin/Boston : </subfield>
           <subfield code="c">|De Gruyter, </subfield>
           <subfield code="d">|1840. </subfield>
           <subfield code="n">|Access may be restricted to users at subscribing institutions</subfield>
           <subfield code="n">|Mode of access: World Wide Web. </subfield>
           <subfield code="n">|System requirements: Web browser. </subfield>
         </datafield>
         <datafield tag="538" ind1="" ind2="">
           <subfield code="a">|Mode of access: Internet via World Wide Web</subfield>
         </datafield>
         <datafield tag="546" ind1="" ind2="">
           <subfield code="a">|In German</subfield>
         </datafield>
         <datafield tag="588" ind1="" ind2="">
           <subfield code="a">|Description based on online resource; title from PDF title page (ACM, viewed April 03 2015)</subfield>
         </datafield>
         <datafield tag="650" ind1="" ind2="">
           <subfield code="a">|Literary Studies</subfield>
           <subfield code="x">|Literary Studies, general</subfield>
         </datafield>
         <datafield tag="650" ind1="" ind2="4">
           <subfield code="a">|Literatur, Rhetorik, Literaturwissenschaft</subfield>
         </datafield>
         <datafield tag="700" ind1="1" ind2="">
           <subfield code="a">|Regis, Gottlob</subfield>
           <subfield code="e">|editor</subfield>
         </datafield>
         <datafield tag="776" ind1="" ind2="">
           <subfield code="c">|Print</subfield>
           <subfield code="c">|Print+Online</subfield>
           <subfield code="z">|9783111101620</subfield>
           <subfield code="z">|9783112122266</subfield>
         </datafield>
         <datafield tag="856" ind1="4" ind2="">
           <subfield code="u">|http://dx.doi.org/10.1515/9783111468570</subfield>
         </datafield>
         <datafield tag="912" ind1="" ind2="">
           <subfield code="a">|PDA11SSHE</subfield>
           <subfield code="a">|PDA1ALL</subfield>
           <subfield code="a">|PDA2HUM</subfield>
           <subfield code="a">|PDA2HUM_legacy</subfield>
           <subfield code="a">|PDA5EBK</subfield>
           <subfield code="a">|ZDB-23-DGG</subfield>
         </datafield>
      </record>
   </metadata>
</record>