
<record>
   <header>
      <identifier>DEG-publish:12431</identifier>
   </header>
   <metadata>
      <record xmlns="http://www.loc.gov/MARC21/slim">
         <leader>04416nam  2200601 a 4500</leader>
         <controlfield tag="LDR">04416nam  2200601 a 4500</controlfield>
         <controlfield tag="SYS">12431</controlfield>
         <datafield tag="001" ind1="" ind2="">
           <subfield code="_">12431</subfield>
         </datafield>
         <datafield tag="003" ind1="" ind2="">
           <subfield code="_">DE-14</subfield>
         </datafield>
         <datafield tag="005" ind1="" ind2="">
           <subfield code="_">20150323132451</subfield>
         </datafield>
         <datafield tag="020" ind1="" ind2="">
           <subfield code="9">|9783050038490</subfield>
           <subfield code="9">|9783050050003</subfield>
           <subfield code="a">|9783050038490</subfield>
           <subfield code="a">|9783050050003</subfield>
         </datafield>
         <datafield tag="024" ind1="7" ind2="">
           <subfield code="2">|doi</subfield>
           <subfield code="a">|10.1524/9783050050003</subfield>
         </datafield>
         <datafield tag="024" ind1="8" ind2="">
           <subfield code="a">|oldenbourg9783050050003</subfield>
         </datafield>
         <datafield tag="035" ind1="" ind2="">
           <subfield code="a">|(DE-599)GBV636417719</subfield>
           <subfield code="a">|(DE-601)636417719</subfield>
           <subfield code="a">|(OCoLC)838449957</subfield>
           <subfield code="a">|gruy233786</subfield>
         </datafield>
         <datafield tag="040" ind1="" ind2="">
           <subfield code="a">|Coll.:DEG</subfield>
           <subfield code="a">|DEG</subfield>
           <subfield code="a">|GBVCP</subfield>
           <subfield code="b">|ger</subfield>
           <subfield code="c">|GBVCP</subfield>
           <subfield code="e">|rakwb</subfield>
         </datafield>
         <datafield tag="041" ind1="" ind2="">
           <subfield code="a">|ger</subfield>
         </datafield>
         <datafield tag="084" ind1="" ind2="">
           <subfield code="2">|BISAC</subfield>
           <subfield code="a">|ART000000</subfield>
         </datafield>
         <datafield tag="100" ind1="1" ind2="">
           <subfield code="a">|Michel, Simone</subfield>
         </datafield>
         <datafield tag="245" ind1="1" ind2="4">
           <subfield code="a">|Die Magischen Gemmen</subfield>
           <subfield code="b">|Zu Bildern und Zauberformeln auf geschnittenen Steinen der Antike und Neuzeit</subfield>
           <subfield code="h">|Elektronische Ressource</subfield>
         </datafield>
         <datafield tag="260" ind1="3" ind2="">
           <subfield code="a">|München</subfield>
           <subfield code="b">|Oldenbourg Akademieverlag</subfield>
           <subfield code="c">|2010</subfield>
         </datafield>
         <datafield tag="300" ind1="" ind2="">
           <subfield code="a">|Online-Ressource</subfield>
         </datafield>
         <datafield tag="490" ind1="" ind2="">
           <subfield code="a">|Akademie Mittelalter 6-2010</subfield>
         </datafield>
         <datafield tag="500" ind1="" ind2="">
           <subfield code="a">|PublicationDate: 20100601</subfield>
         </datafield>
         <datafield tag="520" ind1="" ind2="">
           <subfield code="a">|Magische Gemmen, kleine kraftgeladene Edel- und Schmucksteine mit eingeschnittenen Bildern und Inschriften, dienten in der Antike als Amulette. Als Medaillon, Ringstein oder in Täschchen eingenäht wurden sie am Körper getragen und waren - ursprünglich wohl aus dem römischen Ägypten (Alexandria) stammend - besonders im 2. und 3. Jh.n.Chr. weit verbreitet, übten jedoch auch über Mittelalter und Renaissance bis heute ihre Faszination auf Betrachter, Sammler und Benutzer aus und standen als aussagekräftige Dokumente zu Glaube und Aberglaube ebenso auch im Interesse der Wissenschaft. Die Gemmen-Amulette korrespondieren inhaltlich mit den magischen Texten und Rezepten des antiken Amulett- und Zauberwesens (Magische Papyri) und sollten vorrangig in den Bereichen Jenseitsglaube, magisch-medizinische Heilmittel sowie Liebeszauber ihre Wirkung entfalten, die auf der Synthese von Farbe und Material, Bildmotiv und Zauberformel (Logos) sowie einem meist komplizierten "Weihevorgang" wie Zeichnen, Räuchern oder magischen Handlungen (Praxis) beruht.  Die Autorin nutzt als Basis für ihre umfassende Darstellung eine sammlungsübergreifende Auswahl von ca. 2.600 Stücken. Sie sind nach Motiven gruppiert und mit technischen Daten sowie Kurzbeschreibung in einer "Materialliste nach Motivgruppen" zusammengestellt. Im umfangreichen Abbildungsteil geben zunächst acht Farbtafeln mit charakteristischen Beispielen einen adäquaten Eindruck über Farbe, Steinvarietäten, Größenverhältnisse und Gesamtwirkung der Amulette. Weitere 109 Tafeln stellen thematisch gruppierte, meist bislang unpublizierte Stücke in Zeichnungen und schwarz-weiß-Photographien vor oder zeigen in früheren Publikationen nur in Gipsabdruck oder -abguß abgebildete Gemmen erstmals in Originalphotographien.  Ein Konkordanzen-Verzeichnis zu unpublizierten Stücken aus Museen und Privatsammlungen gibt Aufschluß über Standort und Inventarnummern der Gemmen, ebenso werden Verbleib und heutiger Standort der im grundlegenden Werk von C. Bonner, Magical Amulets (1950) behandelten und katalogisierten Stücke ersichtlich. Auf der Basis eines aufgrund zahlreicher Publikationen angewachsenen und mittels technischem Fortschritt zugänglich gemachten Materials sowie einer in den letzten Jahrzehnten auf "Mentalitätsgeschichte" ausgerichteten Geschichtsforschung ist mit dem Buch von Simone Michel die immer wieder geforderte interdisziplinär angelegte und umfassende Neubearbeitung dieser Gattung der Glyptik vorgelegt</subfield>
           <subfield code="a">|Review quote. A quote from a review of the product: Eine "umfangreiche, den Forschungsgegenstand erschöpfend und mit beeindruckender Kenntnis und Souveränität behandelnde Monographie". Annika Backe-Dahmen in: Gnomon, Band 81 (2009)  [C]et ouvrage important qui marque une nouvelle étape dans la redécouverte d'un matériel trop longtemps négligé." Véronique Dasen in: Gesnerus, 64 (2007)</subfield>
         </datafield>
         <datafield tag="856" ind1="4" ind2="">
           <subfield code="m">|V:De Gruyter;X</subfield>
           <subfield code="u">|http://dx.doi.org/10.1524/9783050050003</subfield>
           <subfield code="u">|http://www.degruyter.com/search?f_0=isbnissn&amp;q_0=9783050050003&amp;searchTitles=true</subfield>
         </datafield>
         <datafield tag="912" ind1="" ind2="">
           <subfield code="a">|GBV-AV-alles</subfield>
           <subfield code="a">|PDA1ALL</subfield>
           <subfield code="a">|PDA2HUM</subfield>
           <subfield code="a">|PDA3STM</subfield>
           <subfield code="a">|PDA5EBK</subfield>
           <subfield code="a">|ZDB-23-DGG</subfield>
           <subfield code="a">|ZDB-74-AKM</subfield>
           <subfield code="a">|ZDB-74-AKQ</subfield>
           <subfield code="a">|alles</subfield>
           <subfield code="b">|2010</subfield>
         </datafield>
      </record>
   </metadata>
</record>