
<record>
   <header>
      <identifier>DEG-publish:12379</identifier>
   </header>
   <metadata>
      <record xmlns="http://www.loc.gov/MARC21/slim">
         <leader>05364nam  2201129 a 4500</leader>
         <controlfield tag="LDR">05364nam  2201129 a 4500</controlfield>
         <controlfield tag="SYS">12379</controlfield>
         <datafield tag="001" ind1="" ind2="">
           <subfield code="_">12379</subfield>
         </datafield>
         <datafield tag="003" ind1="" ind2="">
           <subfield code="_">DE-14</subfield>
         </datafield>
         <datafield tag="005" ind1="" ind2="">
           <subfield code="_">20150423085805</subfield>
         </datafield>
         <datafield tag="020" ind1="" ind2="">
           <subfield code="9">|9783050045641</subfield>
           <subfield code="9">|9783050048659</subfield>
           <subfield code="a">|9783050045641</subfield>
           <subfield code="a">|9783050045641 (print; Gb.)</subfield>
           <subfield code="a">|9783050048659</subfield>
           <subfield code="c">|ca. EUR 49.80</subfield>
         </datafield>
         <datafield tag="024" ind1="7" ind2="">
           <subfield code="2">|doi</subfield>
           <subfield code="a">|10.1524/9783050048659</subfield>
         </datafield>
         <datafield tag="024" ind1="8" ind2="">
           <subfield code="a">|oldenbourg9783050048659</subfield>
         </datafield>
         <datafield tag="035" ind1="" ind2="">
           <subfield code="a">|(DE-599)GBV618030522</subfield>
           <subfield code="a">|(DE-601)618030522</subfield>
           <subfield code="a">|(OCoLC)863093428</subfield>
           <subfield code="a">|(OCoLC)871856597</subfield>
           <subfield code="a">|(OCoLC)ocn863093428</subfield>
           <subfield code="a">|(OCoLC)ocn871856597</subfield>
           <subfield code="a">|EBL1346088</subfield>
           <subfield code="a">|gruy216592</subfield>
         </datafield>
         <datafield tag="040" ind1="" ind2="">
           <subfield code="a">|Coll.:DEG</subfield>
           <subfield code="a">|DEG</subfield>
           <subfield code="a">|GBVCP</subfield>
           <subfield code="b">|ger</subfield>
           <subfield code="c">|GBVCP</subfield>
           <subfield code="e">|rakwb</subfield>
         </datafield>
         <datafield tag="041" ind1="" ind2="">
           <subfield code="a">|ger</subfield>
         </datafield>
         <datafield tag="050" ind1="" ind2="">
           <subfield code="a">|BT620 .D384 2009</subfield>
         </datafield>
         <datafield tag="082" ind1="" ind2="">
           <subfield code="a">|230</subfield>
         </datafield>
         <datafield tag="082" ind1="" ind2="9">
           <subfield code="a">|230</subfield>
         </datafield>
         <datafield tag="084" ind1="" ind2="">
           <subfield code="2">|BISAC</subfield>
           <subfield code="2">|bcl</subfield>
           <subfield code="2">|rvk</subfield>
           <subfield code="9">|Dogmatik</subfield>
           <subfield code="a">|11.61</subfield>
           <subfield code="a">|BN 5720</subfield>
           <subfield code="a">|HIS000000</subfield>
         </datafield>
         <datafield tag="100" ind1="1" ind2="">
           <subfield code="a">|Horst, Ulrich</subfield>
         </datafield>
         <datafield tag="245" ind1="1" ind2="">
           <subfield code="a">|Dogma und Theologie</subfield>
           <subfield code="b">|Dominikanertheologen in den Kontroversen um die "Immaculata Conceptio"</subfield>
           <subfield code="c">|Ulrich Horst</subfield>
           <subfield code="h">|Elektronische Ressource</subfield>
         </datafield>
         <datafield tag="260" ind1="3" ind2="">
           <subfield code="a">|Berlin</subfield>
           <subfield code="b">|Akad.-Verl</subfield>
           <subfield code="c">|2009</subfield>
         </datafield>
         <datafield tag="300" ind1="" ind2="">
           <subfield code="a">|Online-Ressource</subfield>
           <subfield code="a">|VII, 170 S</subfield>
         </datafield>
         <datafield tag="337" ind1="" ind2="">
           <subfield code="a">|eBook</subfield>
         </datafield>
         <datafield tag="490" ind1="" ind2="">
           <subfield code="a">|Akademie Geschichte 1-2010</subfield>
           <subfield code="a">|Quellen und Forschungen zur Geschichte des Dominikanerordens</subfield>
           <subfield code="v">|N.F., 16</subfield>
         </datafield>
         <datafield tag="500" ind1="" ind2="">
           <subfield code="a">|PublicationDate: 20091216</subfield>
         </datafield>
         <datafield tag="505" ind1="" ind2="">
           <subfield code="a">|3. Ambrosius Catharinus4. Francisco de Vitoria; 5. Melchior Cano; 6. Bartholomaeus Spina; II KAPITEL: Die beginnende Umorientierung; 1. Johannes a Saneto Thoma; 2. Tommaso Campanella; 3. Francisco de Araújo; Nachwort; Quellen- und Literaturverzeichnis; 1.Quellen; a. Ungedruckte Quellen; b. Gedruckte Quellen; 2. Literatur; Namensverzeichnis</subfield>
           <subfield code="a">|CONTENTS; Vorwort; Zur Einfuhrung; Erster TeilDie Dominikanertheologen und das Problem der Immaculata Conceptio; I KAPITEL: Die Grundlegung; 1. Thomas von Aquin; 2. Die Schule des Aquinaten; II KAPITEL: Die ersten großen Kontroversen; 1. Die katalanischen Dominikaner; 2. Das Basler Konzil; III KAPITEL: Die Verteidigung der klassischen Ordenstradition: Vincenzo Bandello; 1. Der Liber recollectorius; 2. De singulari puritate; 3. Die Bulle Grave nimis; Zweiter TeilDie Auseinandersetzungen im 16.Jahrhundert; I KAPITEL: Die Protagonisten; 1. Isidoro Isolani; 2. Thomas de Vio Cajetan</subfield>
         </datafield>
         <datafield tag="520" ind1="" ind2="">
           <subfield code="a">|Die Frage, ob und wie Maria das Schicksal der erbsündlich verfassten Menschheit teilte, hat die Theologie von der Hochscholastik bis weit in die Neuzeit beschäftigt. Theologen des Dominikanerordens haben, gestützt auf die Tradition der Väter und insbesondere auf die Autorität des hl. Thomas v. Aquin, die These vertreten, dass Maria erst nach der Empfängnis im Schoß ihrer Mutter von der Erbsünde befreit wurde, um so die Einzigartigkeit der Menschwerdung Jesu hervorzuheben. Die Minoriten hingegen – mit Duns Scotus an der Spitze – bekannten sich zur „frommen Meinung“, Maria sei von Anfang an vor der Erbschuld bewahrt worden. Dass sich im Laufe der Zeit die meisten Universitäten diese Ansicht zu eigen machten, förderte deren Verbreitung außerordentlich. Für sie fand sich auf dem Basler Konzil eine Mehrheit, die schließlich 1439 zur feierlichen Definition der Unbefleckten Empfängnis Mariens schritt, der freilich die allgemeine Anerkennung versagt blieb. Die von den Dominikanern verteidigte konservative Position, die auf Schrift, Tradition der Väter und Lehre der großen Theologen beharrte, war nun in ein kirchliches Abseits geraten. Gleichwohl leisteten sie – von wenigen Ausnahmen abgesehen – bis zuletzt Widerstand. Den theologischen Höhepunkt der Opposition markiert ein für Papst Leo X. verfasstes Gutachten Cajetans (1515). Vorliegende Studie analysiert die Argumente der die Diskussion bestimmenden Dominikaner. Sie möchte zeigen, dass hinter den Kontroversen um das Dogma tiefe Differenzen in der Wertung der Quellen und Autoritäten der Theologie lagen</subfield>
         </datafield>
         <datafield tag="533" ind1="" ind2="">
           <subfield code="a">|Online-Ausg</subfield>
         </datafield>
         <datafield tag="610" ind1="1" ind2="7">
           <subfield code="2">|gnd</subfield>
           <subfield code="a">|Dominikaner</subfield>
         </datafield>
         <datafield tag="650" ind1="" ind2="7">
           <subfield code="2">|gnd</subfield>
           <subfield code="a">|Erbsünde</subfield>
           <subfield code="a">|Kontroverse</subfield>
           <subfield code="a">|Mariologie</subfield>
           <subfield code="a">|Unbefleckte Empfängnis</subfield>
         </datafield>
         <datafield tag="653" ind1="" ind2="">
           <subfield code="a">|Ordo Fratrum Praedicatorum</subfield>
         </datafield>
         <datafield tag="653" ind1="" ind2="7">
           <subfield code="2">|gnd</subfield>
           <subfield code="a">|Geschichte</subfield>
         </datafield>
         <datafield tag="655" ind1="" ind2="">
           <subfield code="a">|Electronic books</subfield>
         </datafield>
         <datafield tag="689" ind1="1" ind2="">
           <subfield code="5">|DE-101</subfield>
           <subfield code="a">|Erbsünde</subfield>
         </datafield>
         <datafield tag="689" ind1="1" ind2="1">
           <subfield code="a">|Mariologie</subfield>
         </datafield>
         <datafield tag="689" ind1="1" ind2="2">
           <subfield code="a">|Kontroverse</subfield>
         </datafield>
         <datafield tag="689" ind1="1" ind2="3">
           <subfield code="a">|Dominikaner</subfield>
         </datafield>
         <datafield tag="689" ind1="1" ind2="4">
           <subfield code="a">|Geschichte</subfield>
         </datafield>
         <datafield tag="689" ind1="" ind2="">
           <subfield code="5">|DE-101</subfield>
           <subfield code="a">|Unbefleckte Empfängnis</subfield>
         </datafield>
         <datafield tag="689" ind1="" ind2="1">
           <subfield code="a">|Kontroverse</subfield>
         </datafield>
         <datafield tag="689" ind1="" ind2="2">
           <subfield code="a">|Dominikaner</subfield>
         </datafield>
         <datafield tag="689" ind1="" ind2="3">
           <subfield code="a">|Geschichte</subfield>
         </datafield>
         <datafield tag="787" ind1="" ind2="8">
           <subfield code="i">|Print version: </subfield>
           <subfield code="t">|Dogma und Theologie : Dominikanertheologen in den Kontroversen um die Immaculata Conceptio</subfield>
         </datafield>
         <datafield tag="856" ind1="4" ind2="">
           <subfield code="m">|V:De Gruyter;X</subfield>
           <subfield code="u">|http://dx.doi.org/10.1524/9783050048659</subfield>
           <subfield code="u">|http://www.degruyter.com/search?f_0=isbnissn&amp;q_0=9783050048659&amp;searchTitles=true</subfield>
         </datafield>
         <datafield tag="912" ind1="" ind2="">
           <subfield code="a">|GBV-AV-alles</subfield>
           <subfield code="a">|PDA1ALL</subfield>
           <subfield code="a">|PDA2HUM</subfield>
           <subfield code="a">|PDA5EBK</subfield>
           <subfield code="a">|ZDB-23-DGG</subfield>
           <subfield code="a">|ZDB-4-NLEBK</subfield>
           <subfield code="a">|ZDB-74-AKG</subfield>
           <subfield code="a">|alles</subfield>
           <subfield code="b">|2010</subfield>
         </datafield>
      </record>
   </metadata>
</record>