
<record>
   <header>
      <identifier>DEG-publish:21681</identifier>
   </header>
   <metadata>
      <record xmlns="http://www.loc.gov/MARC21/slim">
         <leader>01666nam  2200661 a 4500</leader>
         <controlfield tag="LDR">01666nam  2200661 a 4500</controlfield>
         <controlfield tag="SYS">21681</controlfield>
         <datafield tag="001" ind1="" ind2="">
           <subfield code="_">21681</subfield>
         </datafield>
         <datafield tag="003" ind1="" ind2="">
           <subfield code="_">DE-14</subfield>
         </datafield>
         <datafield tag="005" ind1="" ind2="">
           <subfield code="_">20150323133017</subfield>
         </datafield>
         <datafield tag="020" ind1="" ind2="">
           <subfield code="9">|9783110126228</subfield>
           <subfield code="a">|9783110126228 (print)</subfield>
         </datafield>
         <datafield tag="024" ind1="3" ind2="">
           <subfield code="a">|9783110907919</subfield>
         </datafield>
         <datafield tag="024" ind1="7" ind2="">
           <subfield code="2">|doi</subfield>
           <subfield code="a">|10.1515/9783110907919</subfield>
         </datafield>
         <datafield tag="035" ind1="" ind2="">
           <subfield code="a">|(DE-599)GBV745520324</subfield>
           <subfield code="a">|(DE-601)745520324</subfield>
           <subfield code="a">|gruy40692</subfield>
         </datafield>
         <datafield tag="040" ind1="" ind2="">
           <subfield code="a">|Coll.:DEG</subfield>
           <subfield code="a">|DEG</subfield>
           <subfield code="a">|GBVCP</subfield>
           <subfield code="b">|ger</subfield>
           <subfield code="c">|GBVCP</subfield>
           <subfield code="e">|rakwb</subfield>
         </datafield>
         <datafield tag="041" ind1="" ind2="">
           <subfield code="a">|ger</subfield>
         </datafield>
         <datafield tag="084" ind1="" ind2="">
           <subfield code="2">|BISAC</subfield>
           <subfield code="a">|LAN014000</subfield>
         </datafield>
         <datafield tag="245" ind1="" ind2="">
           <subfield code="a">|Deutsches Fremdwörterbuch: Band 1: a-Präfix - Antike</subfield>
           <subfield code="c">|Institut für deutsche Sprache</subfield>
           <subfield code="h">|Elektronische Ressource</subfield>
         </datafield>
         <datafield tag="250" ind1="" ind2="">
           <subfield code="a">|2. Aufl., 2nd rev. ed. 1995</subfield>
         </datafield>
         <datafield tag="260" ind1="3" ind2="">
           <subfield code="a">|Berlin</subfield>
           <subfield code="b">|De Gruyter</subfield>
           <subfield code="c">|1996</subfield>
         </datafield>
         <datafield tag="300" ind1="" ind2="">
           <subfield code="a">|Online-Ressource</subfield>
           <subfield code="b">|Ill</subfield>
           <subfield code="c">|155 x 230 mm</subfield>
         </datafield>
         <datafield tag="700" ind1="1" ind2="">
           <subfield code="a">|Donalies, Elke</subfield>
           <subfield code="a">|Kämper-Jensen, Heidrun</subfield>
           <subfield code="a">|Nortmeyer, Isolde</subfield>
           <subfield code="a">|Schildt, Joachim</subfield>
           <subfield code="a">|Schnerrer, Rosemarie</subfield>
           <subfield code="a">|Strauß, Gerhard</subfield>
           <subfield code="a">|Vietze, Oda</subfield>
           <subfield code="e">|Other adaption by</subfield>
         </datafield>
         <datafield tag="776" ind1="1" ind2="">
           <subfield code="z">|9783110907919</subfield>
           <subfield code="z">|9783111783451</subfield>
         </datafield>
         <datafield tag="856" ind1="4" ind2="">
           <subfield code="m">|V:De Gruyter;X</subfield>
           <subfield code="u">|http://www.degruyter.com/doi/book/10.1515/9783110907919</subfield>
         </datafield>
         <datafield tag="856" ind1="4" ind2="2">
           <subfield code="3">|Cover</subfield>
           <subfield code="m">|V:De Gruyter;X</subfield>
           <subfield code="u">|http://www.degruyter.com/doc/cover/9783110907919.jpg</subfield>
         </datafield>
         <datafield tag="912" ind1="" ind2="">
           <subfield code="a">|PDA1ALL</subfield>
           <subfield code="a">|PDA1ALL_legacy</subfield>
           <subfield code="a">|PDA2HUM</subfield>
           <subfield code="a">|PDA2HUM_legacy</subfield>
           <subfield code="a">|PDA5EBK</subfield>
           <subfield code="a">|PDA5EBK_legacy</subfield>
           <subfield code="a">|ZDB-23-DGG</subfield>
           <subfield code="a">|alles</subfield>
         </datafield>
      </record>
   </metadata>
</record>
</ListRecords>
</OAI-PMH>